<?xml version="1.0" encoding="UTF-8"?><collection xmlns="http://www.loc.gov/MARC21/slim"><record><leader>00392nam--2200121-i-4500</leader><controlfield tag="001">000021091</controlfield><controlfield tag="002">20161230</controlfield><controlfield tag="005">20161230201034</controlfield><controlfield tag="008">060222s1000------------r-----000-0-eng-d</controlfield><datafield ind1=" " ind2=" " tag="100"><subfield code="a">Jawson, M.A</subfield></datafield><datafield ind1=" " ind2=" " tag="245"><subfield code="a">The theory of cohesion. an outline of the cohesive properties of electrons in atom molecules and crystals. foreword by raynor</subfield></datafield><datafield ind1=" " ind2=" " tag="260"><subfield code="a">London, Pergamon Press, 1954, 245p</subfield></datafield><datafield ind1=" " ind2=" " tag="852"><subfield code="a">10629</subfield></datafield></record></collection>